@book{crespo2017est,
  title={Estat{\'i}stica F{\'a}cil},
  author={Ant{\^o}nio Arnot Crespo},
  number={19},
  year={2009},
  address={S{\~a}o Paulo},
  publisher={Saraiva Educa{\c{c}}{\~a}o S.A.}
}
@book{triola2008introd,
  title={Introdu{\c{c}}{\~a}o {\'a} estat{\'i}stica},
  author={Mario F. Triola},
  number={11},
  year={2008},
  address={Rio de Janeiro},
  publisher={LTC}
}
@book{marcos2008no,
  title={No{\c{c}}{\~o}es de Probabilidade e Estat{\'i}stica},
  number={5},
  author={Marcos Nascimento Magalh{\~a}es and Ant{\^o}nio Carlos Pedroso De Lima},
  year={2008},
  address={S{\~a}o Paulo},
  publisher={EdUSP}
}		
@book{larson2004est,
  title={Estat{\'i}stica aplicada},
  author={Ron Larson and Farber and B. and Patarra, C.},
  number={4},
  year={2004},
  address={S{\~a}o Paulo},
  publisher={Prentice Hall}
}		
@book{crawley2007,
  title={The R book},
  author={Michael Crawley},
  year={2007},
  address={Chichester},
  publisher={John Wiley And Sons}
}	
@Manual{r,
    title = {R: A Language and Environment for Statistical Computing},
    author = {{R Core Team}},
    organization = {R Foundation for Statistical Computing},
    address = {Vienna, Austria},
    year = {2021},
    url = {https://www.R-project.org/}
}
@book{jakson2014,
  title={R para Cientistas Sociais},
  author={Jakson Alves de Aquino},
  year={2014},
  address={Ilh{\'e}us,BA},
  publisher={Edithus - UESC},
  url={http://www.uesc.br/editora/livrosdigitais_20140513/r_cientistas.pdf}
}
%%Básica		
%   1. CRESPO, Antônio A. Estatística Fácil, 19ª edição, Saraiva, São Paulo, 2009.
%    2. TRIOLA, Mario F. Introdução à Estatística, 11ª edição, LTC, Rio de Janeiro, 2013.
%    3. LARSON, Ron; FARBER, Elizabeth. Estatística aplicada. 4. Ed. São Paulo: Pearson Prentice Hall, 2010
%    4. MAGALHÃES, M.; LIMA, A. Noções de probabilidade e estatística, 5a. ed. São Paulo: EDUSP,
2002.
%%Complementar
%    1. BUSSAB, Wilton de O.; MORETTIN, Pedro A. Estatística Básica, 8ª ed., Saraiva, São Paulo, 2013.
%   2. CECON, P. R.; SILVA, A. R.; FERREIRA, M. N. A. Métodos Estatísticos, Editora UFLA, Lavras, 2012.
    3. MAGALHÃES M. N. Probabilidade e variáveis aleatórias. 2 a edição, Edusp, São Paulo, 2006.
