@misc{ wiki001,
   author = "Wikipédia",
   title = "Algoritmo de Floyd-Warshall --- Wikipédia{,} a enciclopédia livre",
   year = "2019",
   url = "https://pt.wikipedia.org/w/index.php?title=Algoritmo_de_Floyd-Warshall&oldid=55195364",
   note = "[Online; accessed 19-maio-2019]"
 }
@book{demidovitch1965problems,
  title={Problems in mathematical analysis},
  author={Demidovitch, B.P. and Baranenkov, G.S.},
  year={1965},
  publisher={Peace Publishers}
}
@book{styer1993,
  title={ Small two-variable exponential Diophantine equations},
  author={Robert Styer},
  number={v. 2},
  year={1993},
  publisher={Mathematics of Computation}
}
@book{andre2000,
  author={ANDRÉ, Carlos and FERREIRA, Fernando},
  title={Matemática Finita},
  publisher={Universidade Aberta,Lisboa},
  number={ nº 203 },
  year={ 2000 }
 }
@book{lima1992curso,
   title={Curso de an{\'a}lise},
   author={Lima, Elon Lages},
   number={v. 1},
   series={Projeto Euclides},
   year={1992},
   publisher={Instituto de Matem{\'a}tica Pura e Aplicada, CNPq}
 }

@book{elonAEMvol2,
   title={A Matem\'atica do Ensino M\'edio},
   author={Lima, Elon Lages and Carvalho, P. C. P. and Wagner, E. and Morgado, A. C.},
   number={v. 2},
   series={Cole\c c\~ao do Professor de Matem\'atica},
   year={2004},
   publisher={SBM}
 }

